<mx:record xmlns="http://www.w3.org/TR/xhtml1/strict" xmlns:mx="http://www.loc.gov/MARC21/slim" xmlns:xsi="http://www.w3.org/2001/XMLSchema-instance"><mx:leader>00000cz   2200000n  0000</mx:leader><mx:controlfield tag="001">oca01851420 </mx:controlfield><mx:controlfield tag="005">19940930073658.1</mx:controlfield><mx:controlfield tag="008">870511n| acannaab           |a aaa      </mx:controlfield><mx:datafield ind1=" " ind2=" " tag="010"><mx:subfield code="a">n  86036496</mx:subfield></mx:datafield><mx:datafield ind1=" " ind2=" " tag="040"><mx:subfield code="a">DLC</mx:subfield><mx:subfield code="c">DLC</mx:subfield><mx:subfield code="d">NjP</mx:subfield></mx:datafield><mx:datafield ind1="0" ind2=" " tag="100"><mx:subfield code="a">Dionysius</mx:subfield><mx:subfield code="b">I,</mx:subfield><mx:subfield code="d">ca. 430-367 B.C.</mx:subfield></mx:datafield><mx:datafield ind1="0" ind2=" " tag="400"><mx:subfield code="a">Dionysios</mx:subfield><mx:subfield code="b">I,</mx:subfield><mx:subfield code="d">ca. 430-367 B.C.</mx:subfield></mx:datafield><mx:datafield ind1="0" ind2=" " tag="400"><mx:subfield code="a">Dionysius,</mx:subfield><mx:subfield code="c">the Elder,</mx:subfield><mx:subfield code="d">ca. 430-367 B.C.</mx:subfield></mx:datafield><mx:datafield ind1="0" ind2=" " tag="400"><mx:subfield code="a">Dionigi</mx:subfield><mx:subfield code="b">I,</mx:subfield><mx:subfield code="d">ca. 430-367 B.C.</mx:subfield></mx:datafield><mx:datafield ind1=" " ind2=" " tag="670"><mx:subfield code="a">Sanders, L.J. Dionysius I of Syracuse ... c1987.</mx:subfield></mx:datafield><mx:datafield ind1=" " ind2=" " tag="670"><mx:subfield code="a">Ency. Britannica, 1978</mx:subfield><mx:subfield code="b">(Dionysius the Elder; b. c. 430 BC, d. 367 BC; tyrant of Syracuse from 405)</mx:subfield></mx:datafield><mx:datafield ind1=" " ind2=" " tag="670"><mx:subfield code="a">Oxford class. dict.</mx:subfield><mx:subfield code="b">(Dionysius I, ca. 430, d. 367 BC, tyrant of Syracuse)</mx:subfield></mx:datafield><mx:datafield ind1=" " ind2=" " tag="670"><mx:subfield code="a">Megalē Hellēnikē enkykl.</mx:subfield><mx:subfield code="b">(Dionysios)</mx:subfield></mx:datafield><mx:datafield ind1=" " ind2=" " tag="670"><mx:subfield code="a">La Dynasteia in Occidente, c1992:</mx:subfield><mx:subfield code="b">t.p. (Dionigi I)</mx:subfield></mx:datafield></mx:record>